<marc:record xmlns:marc="http://www.loc.gov/MARC21/slim"><marc:leader>00828nam a22001810a 45 0</marc:leader><marc:controlfield tag="001">306937</marc:controlfield><marc:controlfield tag="003">NL-AMISG</marc:controlfield><marc:controlfield tag="005">19971121141516.0</marc:controlfield><marc:controlfield tag="008">199711suuuuuuuune |||||||||||||||||dut d</marc:controlfield><marc:datafield ind1=" " ind2=" " tag="035"><marc:subfield code="a">(IISG)IISGb10048100</marc:subfield></marc:datafield><marc:datafield ind1=" " ind2=" " tag="040"><marc:subfield code="a">NL-AmISG</marc:subfield></marc:datafield><marc:datafield ind1="0" ind2=" " tag="041"><marc:subfield code="a">dut</marc:subfield></marc:datafield><marc:datafield ind1=" " ind2=" " tag="044"><marc:subfield code="a">ne</marc:subfield></marc:datafield><marc:datafield ind1="1" ind2=" " tag="100"><marc:subfield code="a">Beumer, E.J.</marc:subfield></marc:datafield><marc:datafield ind1="1" ind2="0" tag="245"><marc:subfield code="a">Gelijkstelling van man en vrouw.</marc:subfield></marc:datafield><marc:datafield ind1=" " ind2=" " tag="260"><marc:subfield code="a">'s-Gravenhage :</marc:subfield><marc:subfield code="b">Dr. Abraham Kuyperstichting,</marc:subfield><marc:subfield code="c">z.j.</marc:subfield></marc:datafield><marc:datafield ind1=" " ind2=" " tag="300"><marc:subfield code="a">8 p.</marc:subfield></marc:datafield><marc:datafield ind1=" " ind2=" " tag="500"><marc:subfield code="a">Centrale Antirevolutionaire Kiesvereeniging te Rotterdam.</marc:subfield></marc:datafield><marc:datafield ind1=" " ind2=" " tag="690"><marc:subfield code="a">Bro N 230</marc:subfield><marc:subfield code="b">Netherlands; party system; political parties, factions, organizations; Protestant; Centrale Bond van Anti-Revolutionaire Kiesverenigingen, Anti-Revolutionaire Partij; women</marc:subfield><marc:subfield code="c">Nederland; partijwezen; politieke partijen en groeperingen; protestants-christelijke partijen en groeperingen; Centrale Bond van Anti-Revolutionaire Kiesverenigingen, Anti-Revolutionaire Partij; vrouwen.</marc:subfield></marc:datafield><marc:datafield ind1=" " ind2=" " tag="852"><marc:subfield code="a">IISG</marc:subfield><marc:subfield code="b">IISG</marc:subfield><marc:subfield code="c">IISG</marc:subfield><marc:subfield code="j">Bro N 230/8</marc:subfield><marc:subfield code="p">N10043580</marc:subfield><marc:subfield code="t">2</marc:subfield></marc:datafield><marc:datafield ind1=" " ind2=" " tag="852"><marc:subfield code="a">IISG</marc:subfield><marc:subfield code="b">IISG</marc:subfield><marc:subfield code="c">IISG</marc:subfield><marc:subfield code="j">Bro N 230/9</marc:subfield><marc:subfield code="p">N10047609</marc:subfield><marc:subfield code="t">1</marc:subfield></marc:datafield><marc:datafield ind1=" " ind2=" " tag="901"><marc:subfield code="a">306937</marc:subfield><marc:subfield code="b">Unknown</marc:subfield><marc:subfield code="c">306937</marc:subfield><marc:subfield code="t">biblio</marc:subfield></marc:datafield><marc:datafield ind1=" " ind2=" " tag="902"><marc:subfield code="a">10622/70FF5888-7337-47E0-91D1-864960AD6B8B</marc:subfield></marc:datafield></marc:record>